@misc{fidePressRelease2012,
  author       = {FIDE},
  title        = {FIDE publishes chess player survey results},
  year         = {2012},
  month        = {August},
  day          = {6},
  howpublished = {[Press release]},
  url          = {https://www.fide.com/images/stories/NEWS_2012/FIDE/120806_YouGovPressRelease.pdf}
}

@misc{chessMembers,
  author       = {Chess.com},
  title        = {How Many Chess Players Are There In The World?},
  year         = {2017},
  month        = {November},
  day          = {28},
  url          = {https://www.chess.com/article/view/how-many-chess-players-are-there-in-the-world},
  note         = {Access: 2024-11-25}
}

@book{100MLB,
  author    = {Burkov, Andriy},
  title     = {The Hundred-Page Machine Learning Book},
  year      = {2019},
  publisher = {Self-published},
  address   = {Quebec, Canada}
}

@misc{chessELO,
  author       = {Chess.com},
  title        = {Elo Rating System},
  url          = {https://www.chess.com/terms/elo-rating-chess},
  note         = {n.d. Accessed: 2024-11-24},
}

@misc{chessBaseDraws,
  author       = {ChessBase.com},
  title        = {Sonas: what exactly is the problem? },
  year         = {2011},
  month        = {September},
  day          = {26},
  url          = {https://en.chessbase.com/post/sonas-what-exactly-is-the-problem-},
  note         = {Access: 2024-11-25}
}
